%% This BibTeX bibliography file was created using BibDesk.
%% http://bibdesk.sourceforge.net/


%% Created for Eric Leung at 2015-06-13 12:41:13 -0700 


%% Saved with string encoding Unicode (UTF-8) 


@webpage{Nisen:2012aa,
	Author = {Max Nisen},
	Date-Added = {2015-06-13 19:38:44 +0000},
	Date-Modified = {2015-06-13 19:45:10 +0000},
	Month = {July},
	Title = {The 17 Equations That Changed The World},
	Url = {http://www.businessinsider.com/the-17-equations-that-changed-the-world-2012-7?op=1},
	Year = {2012}}

@url{Pinteric:2004aa,
	Author = {Marko Pinteric},
	Date-Added = {2015-06-13 10:14:09 +0000},
	Date-Modified = {2015-06-13 10:16:06 +0000},
	Lastchecked = {2014 November 1},
	Month = {September},
	Title = {Using LaTeX on Windows},
	Url = {http://www.pinteric.com/miktex.html},
	Year = {2004},
	Bdsk-Url-1 = {http://www.pinteric.com/miktex.html}}

@webpage{Lundberg:aa,
	Author = {Kent Lundberg},
	Date-Added = {2015-06-13 09:45:41 +0000},
	Date-Modified = {2015-06-13 09:46:36 +0000},
	Title = {Ten Reasons Why TeX is Better than Word},
	Url = {http://web.mit.edu/klund/www/urk/texvword.html},
	Bdsk-Url-1 = {http://web.mit.edu/klund/www/urk/texvword.html}}
